@Misc{Gninenko2013,
  author    = {Gninenko, S. N. and Gorbunov, D. S. and Shaposhnikov, M. E.},
  title     = {Search for GeV-scale sterile neutrinos responsible for active neutrino oscillations and baryon asymmetry of the Universe},
  year      = {2013},
  copyright = {arXiv.org perpetual, non-exclusive license},
  doi       = {10.48550/ARXIV.1301.5516},
  file      = {:/Users/niko/Library/Mobile Documents/com~apple~CloudDocs/literature/mendeley/Gnienko_et_al_2012_search_for_GeV_scale_neutrinos_responsible_for_active_neutrino_oscillations_and_BAU.pdf:PDF},
  keywords  = {High Energy Physics - Phenomenology (hep-ph), Cosmology and Nongalactic Astrophysics (astro-ph.CO), High Energy Physics - Experiment (hep-ex), FOS: Physical sciences, FOS: Physical sciences},
  publisher = {arXiv},
}

@Article{AguilarBenitez1988,
  author    = {M. Aguilar-Benitez and W. W. M. Allison and J. L. Bailly and S. Banerjee and W. Bartl and M. Begalli and P. Beilliï¿½re and R. Bizarri and H. Briand and V. Canale and C. Caso and E. Castelli and P. Checchia and P. V. Chliapnikov and N. Colino and R. Contri and D. Crennell and A. Angelis and L. Billy and C. Defoix and R. Marco and E. Capua and F. Diez-Hedo and J. Dolbeau and J. Dumarchez and M. Ericsson and S. Falciano and C. Fisher and Yu. V. Fisyak and F. Fontanelli and J. Fry and S. N. Ganguli and U. Gasparini and U. Gensch and S. Gentile and D. G. Gibaut and A. T. Goshaw and F. Grard and A. Gurtu and R. Hamatsu and L. Haupt and S. Hellman and V. P. Henri and J. J. Hernandez and T. Hirose and S. O. Holmgren and J. Hrubec and P. Hughes and D. Huss and M. Iori and E. Jegham and K. E. Johansson and M. I. Josa and M. Kalelkar and I. Kita and A. G. Kholodenko and E. P. Kistenev and S. Kitamura and D. Knauss and V. V. Kniazev and W. Kowald and D. Kuhn and P. Guevara and M. Laloum and P. Legros and H. Leutz and L. Lyons and M. MacDermott and P. K. Malhotra and P. Mason and M. Mazzucato and M. E. Michalon-Mentzer and A. Michalon and T. Moa and R. Monge and L. Montanet and G. Neuhofer and H. K. Nguyen and S. Nilsson and H. Nowak and N. Oshima and G. Otter and R. Ouared and J. Panella Comellas and G. Patel and C. Patrignani and M. Pernicka and P. Pilette and C. Pinori and G. Pirreda and R. Plano and A. Poppleton and P. Poropat and R. Raghavan and S. Reucroft and K. Roberts and W. J. Robertson and H. Rohringer and J. M. Salicio and R. Schulte and B. Sellden and M. Sessa and F. Simonetto and S. Squarcia and P. Stamer and V. A. Stopchenko and A. Subramanian and W. Struczinski and K. Takahashi and S. Tavernier and M. C. Touboul and U. Trevisan and C. Troncon and T. Tsurugai and L. Ventura and P. Vilain and C. Voltolini and B. Vonck and W. D. Walker and C. F. Wild and T. Yamagata and T. P. Yiou and G. Zumerle},
  journal   = {Z. Phys. C},
  title     = {Charm hadron properties in 400 {GeV}/cpp interactions},
  year      = {1988},
  month     = {sep},
  number    = {3},
  pages     = {321--346},
  volume    = {40},
  abstract  = {A study of the properties of charm particles The experiment was performed using the high resolu-
produced in 400 GeV/c pp interactions is reported. tion hydrogen bubble chamber LEBC in association 
* We dedicate this work to our colleague Colin Fisher who died with the European Hybrid Spectrometer at the 
tragically on February 11, 1988 CERN SPS. Details of the experimental set-up and 
* Deceased operational procedures are given and the methods},
  doi       = {10.1007/BF01548848},
  file      = {:/Users/niko/Library/Mobile Documents/com~apple~CloudDocs/literature/mendeley/Aguilar-Benitez et al._1988_Charm hadron properties in 400 GeVc pp interactions.pdf:PDF},
  groups    = {thesis},
  publisher = {Springer Science and Business Media {LLC}},
}

@Comment{jabref-meta: databaseType:bibtex;}
